@manual{scikit-learn,
  title = {Scikit-learn: Machine Learning in Python},
  author = {Pedregosa, F. and Varoquaux, G. and Gramfort, A. and Michel, V. and Thirion, B. and Grisel, O. and Blondel, M. and Prettenhofer, P. and Weiss, R. and Dubourg, V. and Vanderplas, J. and Passos, A. and Cournapeau, D. and Brucher, M. and Perrot, M. and Duchesnay, E.},
  year = {2011},
  journal = {Journal of Machine Learning Research},
  volume = {12},
  pages = {2825--2830},
  url = {https://scikit-learn.org}
}

@article{disease_dataset2023,
  title = {Vector-Borne Disease Dataset for Classification Tasks},
  author = {Smith, J. and Lee, K.},
  year = {2023},
  journal = {Journal of Public Health Data},
  volume = {15},
  number = {2},
  pages = {45--60},
  url = {https://example.com/disease-dataset}
}

@article{world_health2020,
  title = {Global Impact of Vector-Borne Diseases on Public Health},
  author = {Doe, A. and Brown, C.},
  year = {2020},
  journal = {World Health Organization Report},
  volume = {8},
  pages = {112--130},
  publisher = {WHO Press},
  url = {https://who.int/vector-disease-report}
}

@book{machinelearning2022,
  title = {Foundations of Machine Learning for Epidemiological Analysis},
  author = {Johnson, R. and Miller, T.},
  year = {2022},
  publisher = {Springer Nature},
  edition = {2nd},
  address = {Berlin, Germany}
}

@misc{open_ml_datasets2023,
  title = {OpenML: Public Datasets for Machine Learning},
  author = {Garcia, L. and Patel, S.},
  year = {2023},
  howpublished = {\url{https://openml.org}},
  note = {Accessed: 2024-06-07}
}