
@article{disease_dataset2023,
  title = {Vector-Borne Disease Dataset for Classification Tasks},
  author = {Smith, J. and Lee, K.},
  year = {2023},
  journal = {Journal of Public Health Data},
  volume = {15},
  number = {2},
  pages = {45--60},
  url = {https://example.com/disease-dataset}
}
