@online{chowdhury2022energy,
  author = {Ujjwal Chowdhury},
  title = {Energy Efficiency Dataset Discussion},
  year = {2022},
  url = {https://www.kaggle.com/datasets/ujjwalchowdhury/energy-efficiency-data-set/discussion/324687},
  note = {Accessed: June 7, 2024}
}
@misc{arath2024github,
  author       = {Alberto Arath Figueroa Salomon},
  title        = {Machine Learning Regression Project},
  year         = {2024},
  howpublished = {\url{https://github.com/AlbertoArath/IA/tree/main/MachineLearning/Projects/Regression_Report}},
  note         = {Accessed: 2024-12-13}
}
@misc{arath2024clustering,
  author       = {Alberto Arath Figueroa Salomon},
  title        = {Machine Learning Clustering Project},
  year         = {2024},
  howpublished = {\url{https://github.com/AlbertoArath/IA/tree/main/MachineLearning/Projects/Clustering}},
  note         = {Accessed: 2024-12-13}
}