@online{chowdhury2022energy,
  author = {Ujjwal Chowdhury},
  title = {Energy Efficiency Dataset Discussion},
  year = {2022},
  url = {https://www.kaggle.com/datasets/ujjwalchowdhury/energy-efficiency-data-set/discussion/324687},
  note = {Accessed: June 7, 2024}
}